@inproceedings{conf/icdim/CastelltortL13,
  added-at = {2014-01-17T00:00:00.000+0100},
  author = {Castelltort, Arnaud and Laurent, Anne},
  biburl = {http://www.bibsonomy.org/bibtex/2cb9f8bef8af3212d1f598ec3da517ff8/dblp},
  booktitle = {ICDIM},
  crossref = {conf/icdim/2013},
  editor = {Bajwa, Imran Sarwar and Naeem, M. Asif and Pichappan, Pit},
  ee = {http://dx.doi.org/10.1109/ICDIM.2013.6694022},
  interhash = {93f64cccbc40743580c09bb8b4361a36},
  intrahash = {cb9f8bef8af3212d1f598ec3da517ff8},
  keywords = {dblp},
  pages = {228-234},
  publisher = {IEEE},
  timestamp = {2014-01-17T00:00:00.000+0100},
  title = {Representing history in graph-oriented NoSQL databases: A versioning system.},
  url = {http://dblp.uni-trier.de/db/conf/icdim/icdim2013.html#CastelltortL13},
  year = 2013
}


@article{journals/corr/abs-1302-5549,
  added-at = {2013-03-01T00:00:00.000+0100},
  author = {Koloniari, Georgia and Souravlias, Dimitris and Pitoura, Evaggelia},
  biburl = {http://www.bibsonomy.org/bibtex/2848f4c0d7e1fff50b24f0b7e2610fbfb/dblp},
  ee = {http://arxiv.org/abs/1302.5549},
  interhash = {a9fb85bc21fa616faf2b459172b96315},
  intrahash = {848f4c0d7e1fff50b24f0b7e2610fbfb},
  journal = {CoRR},
  keywords = {dblp},
  timestamp = {2013-03-01T00:00:00.000+0100},
  title = {On Graph Deltas for Historical Queries},
  url = {http://dblp.uni-trier.de/db/journals/corr/corr1302.html#abs-1302-5549},
  volume = {abs/1302.5549},
  year = 2013
}

@article{journals/csur/AnglesG08,
  added-at = {2008-02-22T00:00:00.000+0100},
  author = {Angles, Renzo and Gutiérrez, Claudio},
  biburl = {http://www.bibsonomy.org/bibtex/2edc70f6e9ec93498bcd9e4df095d942a/dblp},
  date = {2008-02-22},
  description = {dblp},
  ee = {http://doi.acm.org/10.1145/1322432.1322433},
  interhash = {d01b8ba10af1630da72963cde8f25010},
  intrahash = {edc70f6e9ec93498bcd9e4df095d942a},
  journal = {ACM Comput. Surv.},
  keywords = {dblp},
  number = 1,
  timestamp = {2008-02-22T00:00:00.000+0100},
  title = {Survey of graph database models.},
  url = {http://dblp.uni-trier.de/db/journals/csur/csur40.html#AnglesG08},
  volume = 40,
  year = 2008
}

@book{RobinsonWebberEifrem13,
  abstract = {Discover how graph databases can help you manage and query highly connected data. With this practical book, you’ll learn how to design and implement a graph database that brings the power of graphs to bear on a broad range of problem domains. Whether you want to speed up your response to user queries or build a database that can adapt as your business evolves, this book shows you how to apply the schema-free graph model to real-world problems.},
  added-at = {2014-02-07T13:03:23.000+0100},
  address = {Beijing},
  author = {Robinson, Ian and Webber, Jim and Eifrem, Emil},
  biburl = {http://www.bibsonomy.org/bibtex/2e97bb11e7ad45f59ade1363f5c37808d/flint63},
  file = {eBook:2013/RobinsonWebberEifrem13.pdf:PDF;O'Reilly Product page:http\://www.oreilly.com/catalog/9781449356262/:URL;Amazon Search inside:http\://www.amazon.de/gp/reader/1449356265/:URL;Related Web Site:http\://www.neo4j.org/:URL},
  groups = {public},
  interhash = {34f8253af58b6a665e9da3fc4b483e3f},
  intrahash = {e97bb11e7ad45f59ade1363f5c37808d},
  isbn = {978-1-4493-5626-2},
  keywords = {v1205 safari book software application development web database zzz.sfit},
  publisher = {O'Reilly},
  timestamp = {2014-02-07T13:03:23.000+0100},
  title = {Graph Databases},
  url = {http://my.safaribooksonline.com/9781449356262},
  year = 2013
}

@book{SadalageFowler13,
   title = "NoSQL distilled : a brief guide to the emerging world of polyglot persistence",
   author = "Sadalage, Pramod J. and Fowler, Martin",
   publisher = "Addison-Wesley",
   address = "Upper Saddle River, NJ",
   url = "http://opac.inria.fr/record=b1135051",
   isbn = "978-0-321-82662-6",
   year = 2013
}


@book{chacon:progit,
  added-at = {2013-07-30T20:23:40.000+0200},
  author = {Chacon, Scott},
  biburl = {http://www.bibsonomy.org/bibtex/217c5f3cfed6aa71d88963a418ffb25b5/choffmeister},
  interhash = {bd15e3a795840988a573733d4e40aa05},
  intrahash = {17c5f3cfed6aa71d88963a418ffb25b5},
  keywords = {git},
  month = {July},
  publisher = {Apress},
  timestamp = {2013-07-30T20:23:40.000+0200},
  title = {Pro Git: professional version control},
  url = {https://github.s3.amazonaws.com/media/progit.en.pdf},
  year = 2009
}